@INPROCEEDINGS{iot-automata,
author = {M. Tappler and B. K. Aichernig and R. Bloem},
booktitle = {2017 IEEE International Conference on Software Testing, Verification and Validation (ICST)},
title = {Model-Based Testing IoT Communication via Active Automata Learning},
year = {2017},
volume = {00},
number = {},
pages = {276-287},
keywords={Testing;Learning automata;Protocols;Analytical models;Standards;Approximation algorithms;Internet of Things},
doi = {10.1109/ICST.2017.32},
url = {doi.ieeecomputersociety.org/10.1109/ICST.2017.32},
ISSN = {},
month={March}
}

@article{chalupar2014automated,
  title={Automated Reverse Engineering using Lego{\textregistered}.},
  author={Chalupar, Georg and Peherstorfer, Stefan and Poll, Erik and De Ruiter, Joeri},
  journal={WOOT},
  volume={14},
  pages={1--10},
  year={2014}
}

@inproceedings{fiteruau2016combining,
  title={Combining model learning and model checking to analyze TCP implementations},
  author={Fiter{\u{a}}u-Bro{\c{s}}tean, Paul and Janssen, Ramon and Vaandrager, Frits},
  booktitle={International Conference on Computer Aided Verification},
  pages={454--471},
  year={2016},
  organization={Springer}
}

@inproceedings{argyros2016sfadiff,
  title={SFADiff: Automated evasion attacks and fingerprinting using black-box differential automata learning},
  author={Argyros, George and Stais, Ioannis and Jana, Suman and Keromytis, Angelos D and Kiayias, Aggelos},
  booktitle={Proceedings of the 2016 ACM SIGSAC Conference on Computer and Communications Security},
  pages={1690--1701},
  year={2016},
  organization={ACM}
}

@article{Vaandrager:2017:ML:3042068.2967606,
 author = {Vaandrager, Frits},
 title = {Model Learning},
 journal = {Communications of the ACM},
 issue_date = {February 2017},
 volume = {60},
 number = {2},
 month = jan,
 year = {2017},
 issn = {0001-0782},
 pages = {86--95},
 numpages = {10},
 url = {http://doi.acm.org/10.1145/2967606},
 doi = {10.1145/2967606},
 acmid = {2967606},
 publisher = {ACM},
 address = {New York, NY, USA},
} 

@inproceedings {TLS,
author = {Joeri de Ruiter and Erik Poll},
title = {Protocol State Fuzzing of {TLS} Implementations},
booktitle = {24th {USENIX} Security Symposium ({USENIX} Security 15)},
year = {2015},
isbn = {978-1-931971-232},
address = {Washington, D.C.},
pages = {193--206},
url = {https://www.usenix.org/conference/usenixsecurity15/technical-sessions/presentation/de-ruiter},
publisher = {{USENIX} Association},
}
